[gd_scene load_steps=21 format=2]

[ext_resource path="res://Scripts/Shelldon.gd" type="Script" id=1]
[ext_resource path="res://Sprites/Characters/Shelldon/shell@3x.png" type="Texture" id=2]
[ext_resource path="res://Sprites/Characters/Shelldon/shell_belly@3x.png" type="Texture" id=3]
[ext_resource path="res://Sprites/Characters/Shelldon/neck@3x.png" type="Texture" id=4]
[ext_resource path="res://Sprites/Characters/Shelldon/head@3x.png" type="Texture" id=5]
[ext_resource path="res://Sprites/Characters/Shelldon/shell_bar@3x.png" type="Texture" id=6]
[ext_resource path="res://Scripts/FunnelModel.gd" type="Script" id=7]
[ext_resource path="res://Sprites/Props/barrel.png" type="Texture" id=8]
[ext_resource path="res://Sprites/Characters/Shelldon/back_left_foot@3x.png" type="Texture" id=9]
[ext_resource path="res://Sprites/Characters/Shelldon/back_right_foot@3x.png" type="Texture" id=10]
[ext_resource path="res://Sprites/Characters/Shelldon/font_left_foot@3x.png" type="Texture" id=11]
[ext_resource path="res://Sprites/Characters/Shelldon/front_right_foot@3x.png" type="Texture" id=12]
[ext_resource path="res://Animations/Shelldon/default_position.anim" type="Animation" id=13]
[ext_resource path="res://Animations/Shelldon/going_to_sleep.anim" type="Animation" id=14]
[ext_resource path="res://Animations/Shelldon/idle.anim" type="Animation" id=15]
[ext_resource path="res://Animations/Shelldon/slow_walk.anim" type="Animation" id=16]
[ext_resource path="res://Animations/Shelldon/waking_up.anim" type="Animation" id=17]
[ext_resource path="res://Sprites/Characters/shelldon-full.png" type="Texture" id=18]

[sub_resource type="RectangleShape2D" id=1]
extents = Vector2( 169.169, 72.9196 )

[sub_resource type="Animation" id=2]
resource_name = "sleeping"
length = 10.0
loop = true
tracks/0/type = "value"
tracks/0/path = NodePath("shell:position")
tracks/0/interp = 1
tracks/0/loop_wrap = true
tracks/0/imported = false
tracks/0/enabled = true
tracks/0/keys = {
"times": PoolRealArray( 0, 3.5, 7, 10 ),
"transitions": PoolRealArray( 1, 1, 1, 1 ),
"update": 0,
"values": [ Vector2( -53.7717, 10.7526 ), Vector2( -53.7717, 10.7526 ), Vector2( -53.7717, 10.7526 ), Vector2( -53.7717, 10.7526 ) ]
}
tracks/1/type = "value"
tracks/1/path = NodePath("shell:rotation_degrees")
tracks/1/interp = 1
tracks/1/loop_wrap = true
tracks/1/imported = false
tracks/1/enabled = true
tracks/1/keys = {
"times": PoolRealArray( 0, 3.5, 7, 10 ),
"transitions": PoolRealArray( 1, 1, 1, 1 ),
"update": 0,
"values": [ 0.130146, -1.70257, 1.7, 0.130146 ]
}
tracks/2/type = "value"
tracks/2/path = NodePath("shell:scale")
tracks/2/interp = 1
tracks/2/loop_wrap = true
tracks/2/imported = false
tracks/2/enabled = true
tracks/2/keys = {
"times": PoolRealArray( 0, 3.5, 7, 10 ),
"transitions": PoolRealArray( 1, 1, 1, 1 ),
"update": 0,
"values": [ Vector2( 1, 1 ), Vector2( 1, 1 ), Vector2( 1, 1 ), Vector2( 1, 1 ) ]
}

[node name="Shelldon" type="Area2D"]
script = ExtResource( 1 )

[node name="Targeter" type="Position2D" parent="."]
position = Vector2( 2.46613, -281.169 )

[node name="CollisionShape2D" type="CollisionShape2D" parent="."]
position = Vector2( 1.04691, -87.6439 )
shape = SubResource( 1 )

[node name="Model" type="Node2D" parent="."]
position = Vector2( 55.2484, -116.635 )
z_index = 5

[node name="shell" type="Sprite" parent="Model"]
position = Vector2( -53.4958, -10.2669 )
z_index = 1
texture = ExtResource( 2 )

[node name="shell_belly" type="Sprite" parent="Model/shell"]
show_behind_parent = true
position = Vector2( 0.540344, 51.3344 )
z_index = -1
texture = ExtResource( 3 )

[node name="neck" type="Sprite" parent="Model/shell"]
show_behind_parent = true
position = Vector2( 149.226, 15.5106 )
texture = ExtResource( 4 )

[node name="head" type="Sprite" parent="Model/shell/neck"]
position = Vector2( 61.0609, -72.4085 )
rotation = -0.122595
z_index = 3
texture = ExtResource( 5 )

[node name="shell_bar" type="Sprite" parent="Model/shell"]
position = Vector2( 0, 67.5453 )
z_index = 2
texture = ExtResource( 6 )

[node name="FunnelModel" type="Node2D" parent="Model/shell"]
show_behind_parent = true
position = Vector2( 2.43744, -82.5996 )
script = ExtResource( 7 )

[node name="SpoutRight" type="Position2D" parent="Model/shell/FunnelModel"]
position = Vector2( 78.7496, -259.697 )

[node name="SpoutCentre" type="Position2D" parent="Model/shell/FunnelModel"]
position = Vector2( -1.72391, -71.6674 )

[node name="SpoutLeft" type="Position2D" parent="Model/shell/FunnelModel"]
position = Vector2( -78.6991, -260.525 )

[node name="Sprite" type="Sprite" parent="Model/shell/FunnelModel"]
position = Vector2( 0, -121.38 )
texture = ExtResource( 8 )

[node name="back_left_foot" type="Sprite" parent="Model"]
position = Vector2( -125.353, 88.9851 )
z_index = -1
texture = ExtResource( 9 )

[node name="back_right_foot" type="Sprite" parent="Model"]
position = Vector2( 27.8562, 88.9851 )
z_index = -1
texture = ExtResource( 10 )

[node name="front_left_foot" type="Sprite" parent="Model"]
position = Vector2( -131.543, 90.5327 )
texture = ExtResource( 11 )

[node name="front_right_foot" type="Sprite" parent="Model"]
position = Vector2( 23.2136, 89.7589 )
texture = ExtResource( 12 )

[node name="AnimationPlayer" type="AnimationPlayer" parent="Model"]
autoplay = "idle"
playback_default_blend_time = 0.7
anims/default_position = ExtResource( 13 )
anims/going_to_sleep = ExtResource( 14 )
anims/idle = ExtResource( 15 )
anims/sleeping = SubResource( 2 )
anims/slow_walk = ExtResource( 16 )
anims/waking_up = ExtResource( 17 )

[node name="Sprite" type="Sprite" parent="."]
visible = false
modulate = Color( 1, 1, 1, 0.427451 )
z_index = 4
texture = ExtResource( 18 )

[node name="Tween" type="Tween" parent="."]

[connection signal="body_entered" from="." to="." method="_on_Shelldon_body_entered"]
[connection signal="input_event" from="." to="." method="_on_Shelldon_input_event"]
